<?xml version="1.0" encoding="UTF-8"?><collection xmlns="http://www.loc.gov/MARC21/slim"><record><leader>00714nam--2200205-i-4500</leader><controlfield tag="001">000013961</controlfield><controlfield tag="002">20161230</controlfield><controlfield tag="005">20161230201030</controlfield><controlfield tag="008">060222s1000------------r-----000-0-eng-d</controlfield><datafield ind1=" " ind2=" " tag="020"><subfield code="a">0125087802</subfield></datafield><datafield ind1=" " ind2=" " tag="040"><subfield code="a">IFIN-HH</subfield></datafield><datafield ind1=" " ind2=" " tag="080"><subfield code="a">519.642.6:517.928.4:519.929.4(041.3)</subfield></datafield><datafield ind1="1" ind2=" " tag="100"><subfield code="a">Mottoni, Pierre De</subfield></datafield><datafield ind1="1" ind2="0" tag="245"><subfield code="a">Nonlinear differential equations. invariance, stability and bifurcation</subfield><subfield code="b">Proceedings villa madruzzo, trento, italy may 25-30 1980</subfield><subfield code="c">Pierre de mottoni, luigi salvadori (ed.)</subfield></datafield><datafield ind1=" " ind2=" " tag="260"><subfield code="a">New York</subfield><subfield code="b">Academic Press</subfield><subfield code="c">1981</subfield></datafield><datafield ind1=" " ind2=" " tag="300"><subfield code="a">XI+357P</subfield></datafield><datafield ind1=" " ind2=" " tag="490"><subfield code="a">Academic Press Rapid Manuscript Reproduction</subfield></datafield><datafield ind1="1" ind2=" " tag="700"><subfield code="a">Salvadori, Luigi</subfield><subfield code="e">Ed</subfield></datafield><datafield ind1=" " ind2=" " tag="852"><subfield code="a">49369</subfield><subfield code="c">519.4/5</subfield></datafield><datafield ind1=" " ind2=" " tag="CAT"><subfield code="a">Sys</subfield><subfield code="c">20130814</subfield><subfield code="h">162455</subfield></datafield></record></collection>